% Άρθρα σε διεθνή επιστημονικά περιοδικά
@Article{Synaisthisi,
AUTHOR = {Akasiadis, Charilaos and Pitsilis, Vassilis and Spyropoulos, Constantine D.},
TITLE = {A Multi-Protocol IoT Platform Based on Open-Source Frameworks},
JOURNAL = {Sensors},
VOLUME = {19},
YEAR = {2019},
NUMBER = {19},
ARTICLE-NUMBER = {4217},
URL = {https://www.mdpi.com/1424-8220/19/19/4217},
PubMedID = {31569338},
ISSN = {1424-8220},
DOI = {10.3390/s19194217},
note={\href{https://doi.org/10.3390/s19194217}{[Ref]}}
}

@inproceedings{HandlingStreamAirPollutionData,
  title={Internet of Things Architecture for Handling Stream Air Pollution Data.},
  author={Kersting, Joschka and Geierhos, Michaela and Jung, Hanmin and Kim, Taehong},
  booktitle={IoTBDS},
  pages={117--124},
  year={2017},
  note={\href{https://www.scitepress.org/Papers/2017/63548/63548.pdf}{[Ref]}}
}

@article{Howfarhavetheygone,
title = {Applications of low-cost sensing technologies for air quality monitoring and exposure assessment: How far have they gone?},
journal = {Environment International},
volume = {116},
pages = {286-299},
year = {2018},
issn = {0160-4120},
doi = {https://doi.org/10.1016/j.envint.2018.04.018},
url = {https://www.sciencedirect.com/science/article/pii/S0160412018302460},
author = {Morawska, Lidia and Thai, Phong K. and Liu, Xiaoting and Asumadu-Sakyi, Akwasi and et al.},
note={\href{https://www.sciencedirect.com/science/article/pii/S0160412018302460}{[Ref]}}
}


@Article{Low-CostUrbanAir,
AUTHOR = {Gryech, Ihsane and Ben-Aboud, Yassine and Guermah, Bassma and Sbihi, Nada and Ghogho, Mounir and Kobbane, Abdellatif},
TITLE = {MoreAir: A Low-Cost Urban Air Pollution Monitoring System},
JOURNAL = {Sensors},
VOLUME = {20},
YEAR = {2020},
NUMBER = {4},
ARTICLE-NUMBER = {998},
URL = {https://www.mdpi.com/1424-8220/20/4/998},
PubMedID = {32069821},
ISSN = {1424-8220},
DOI = {10.3390/s20040998},
note={\href{https://www.mdpi.com/1424-8220/20/4/998}{[Ref]}}
}



@article{sensorsoncitybus,
title = {Real-time air pollution monitoring with sensors on city bus},
journal = {Digital Communications and Networks},
volume = {6},
number = {1},
pages = {23-30},
year = {2020},
issn = {2352-8648},
doi = {https://doi.org/10.1016/j.dcan.2019.03.003},
url = {https://www.sciencedirect.com/science/article/pii/S2352864818302475},
author = {Sami Kaivonen and Edith C.-H. Ngai},
note={\href{https://www.sciencedirect.com/science/article/pii/S2352864818302475}{[Ref]}}
}

@Article{SEMARIoTServer,
AUTHOR = {Panduman, Yohanes Yohanie Fridelin and Funabiki, Nobuo and Puspitaningayu, Pradini and Kuribayashi, Minoru and Sukaridhoto, Sritrusta and Kao, Wen-Chung},
TITLE = {Design and Implementation of SEMAR IoT Server Platform with Applications},
JOURNAL = {Sensors},
VOLUME = {22},
YEAR = {2022},
NUMBER = {17},
ARTICLE-NUMBER = {6436},
URL = {https://www.mdpi.com/1424-8220/22/17/6436},
PubMedID = {36080895},
ISSN = {1424-8220},
DOI = {10.3390/s22176436},
note={\href{https://www.mdpi.com/1424-8220/22/17/6436}{[Ref]}}
}

@article{SEMARkafka,
  title={Implementation of data abstraction layer using kafka on SEMAR platform for air quality monitoring},
  author={Panduman, Yohanes Yohanie Fridelin and Albaab, MR Ulil and Besari, AR Anom and Sukaridhoto, Sritrusta and Tjahjono, Anang and Budiarti, RP Nourma},
  journal={International Journal on Advanced Science, Engineering and Information Technology},
  volume={9},
  number={5},
  pages={1520},
  year={2019},
  note={\href{https://core.ac.uk/reader/296922220}{[Ref]}}
}

@ARTICLE{AdvancesinCrowdAnalysis,
  author={Kaiser, Mohammed Shamim and Lwin, Khin T. and Mahmud, Mufti and Hajializadeh, Donya and Chaipimonplin, Tawee and Sarhan, Ahmed and Hossain, Mohammed Alamgir},
  journal={IEEE Transactions on Intelligent Transportation Systems}, 
  title={Advances in Crowd Analysis for Urban Applications Through Urban Event Detection}, 
  year={2018},
  volume={19},
  number={10},
  pages={3092-3112},
  doi={10.1109/TITS.2017.2771746},
  note={\href{https://doi.org/10.1109/TITS.2017.2771746}{[Ref]}}
}

@Article{OverviewofUrbanMobility,
AUTHOR = {Rocco, Gaetano and Pipino, Claudia and Pagano, Claudio},
TITLE = {An Overview of Urban Mobility: Revolutionizing with Innovative Smart Parking Systems},
JOURNAL = {Sustainability},
VOLUME = {15},
YEAR = {2023},
NUMBER = {17},
ARTICLE-NUMBER = {13174},
URL = {https://www.mdpi.com/2071-1050/15/17/13174},
ISSN = {2071-1050},
note={\href{https://doi.org/10.3390/su151713174}{[Ref]}},
DOI = {10.3390/su151713174}
}

@article{madakam2015internet,
  title={Internet of Things (IoT): A literature review},
  author={Madakam, Somayya and Lake, Vihar and Lake, Vihar and Lake, Vihar and others},
  journal={Journal of Computer and Communications},
  volume={3},
  number={05},
  pages={164},
  year={2015},
  publisher={Scientific Research Publishing},
  doi={10.4236/jcc.2015.35021},
  note={\href{https://doi.org/10.4236/jcc.2015.35021}{[Ref]}}
}
@ARTICLE{MobileAirPollutionMonitoring,
  author={Dhingra, Swati and Madda, Rajasekhara Babu and Gandomi, Amir H. and Patan, Rizwan and Daneshmand, Mahmoud},
  journal={IEEE Internet of Things Journal}, 
  title={Internet of Things Mobile–Air Pollution Monitoring System (IoT-Mobair)}, 
  year={2019},
  volume={6},
  number={3},
  pages={5577-5584},
  doi={10.1109/JIOT.2019.2903821},
  note={\href{https://doi.org/10.1109/JIOT.2019.2903821}{[Ref]}}
}

@ARTICLE{CloudNativeApplications,
  author={Gannon, Dennis and Barga, Roger and Sundaresan, Neel},
  journal={IEEE Cloud Computing}, 
  title={Cloud-Native Applications}, 
  year={2017},
  volume={4},
  number={5},
  pages={16-21},
  doi={10.1109/MCC.2017.4250939},
  note={\href{https://doi.org/10.1109/MCC.2017.4250939}{[Ref]}}
}


@article{rose2015internet,
  title={The internet of things: An overview},
  author={Rose, Karen and Eldridge, Scott and Chapin, Lyman},
  journal={The internet society (ISOC)},
  volume={80},
  pages={1--50},
  year={2015},
  publisher={Reston, VA}
}

@article{BIBRI2018230,
title = {The IoT for smart sustainable cities of the future: An analytical framework for sensor-based big data applications for environmental sustainability},
journal = {Sustainable Cities and Society},
volume = {38},
pages = {230-253},
year = {2018},
issn = {2210-6707},
doi = {https://doi.org/10.1016/j.scs.2017.12.034},
note = {\href{https://www.sciencedirect.com/science/article/pii/S2210670717313677}{[Ref]}},
author = {Simon Elias Bibri},
keywords = {Smart sustainable cities, The IoT, Big data analytics, Sensor technology, Data processing platforms, Environmental sustainability, Big data applications, Cloud computing, Fog/edge computing},
}

@article{Systematicreview,
title = {Internet of Things applications: A systematic review},
journal = {Computer Networks},
volume = {148},
pages = {241-261},
year = {2019},
issn = {1389-1286},
doi = {https://doi.org/10.1016/j.comnet.2018.12.008},
note={\href{https://www.sciencedirect.com/science/article/pii/S1389128618305127}{[Ref]}},
author = {Parvaneh Asghari and Amir Masoud Rahmani and Hamid Haj Seyyed Javadi},
keywords = {Application-based services, Internet of things, Systematic literature review, Smart objects, Quality of service}
}

@article{CloudIoT,
title = {Integration of Cloud computing and Internet of Things: A survey},
journal = {Future Generation Computer Systems},
volume = {56},
pages = {684-700},
year = {2016},
issn = {0167-739X},
doi = {https://doi.org/10.1016/j.future.2015.09.021},
note={\href{https://www.sciencedirect.com/science/article/pii/S0167739X15003015}{[Ref]}},
author = {Alessio Botta and Walter {de Donato} and Valerio Persico and Antonio Pescapé},
keywords = {Cloud computing, Internet of Things, Ubiquitous networks, Cloud of things, Pervasive applications, Smart city}
}

@Article{RecentInsightsParticulateMatter,
    AUTHOR = {Thangavel, Prakash and Park, Duckshin and Lee, Young-Chul},
    TITLE = {Recent Insights into Particulate Matter (PM2.5)-Mediated Toxicity in Humans: An Overview},
    JOURNAL = {International Journal of Environmental Research and Public Health},
    VOLUME = {19},
    YEAR = {2022},
    NUMBER = {12},
    ARTICLE-NUMBER = {7511},
    URL = {https://www.mdpi.com/1660-4601/19/12/7511},
    PubMedID = {35742761},
    ISSN = {1660-4601},
    DOI = {10.3390/ijerph19127511},
    note={\href{https://doi.org/10.3390/ijerph19127511}{[Ref]}}
}

@article{effectofheatandairpollution,
title = {Joint effect of heat and air pollution on mortality in 620 cities of 36 countries},
journal = {Environment International},
volume = {181},
pages = {108258},
year = {2023},
issn = {0160-4120},
doi = {https://doi.org/10.1016/j.envint.2023.108258},
url = {https://www.sciencedirect.com/science/article/pii/S0160412023005317},
author = {Massimo Stafoggia and Paola Michelozzi and Alexandra Schneider and Ben Armstrong and Matteo Scortichini and others},
keywords = {Air temperature, Air pollution, Effect modification, Epidemiology, Mortality},
note={\href{https://doi.org/10.1016/j.envint.2023.108258}{[Ref]}}
}

@article{IotArchitecture,
author = {Gupta, B.B. and Quamara, Megha},
title = {An overview of Internet of Things (IoT): Architectural aspects, challenges, and protocols},
journal = {Concurrency and Computation: Practice and Experience},
volume = {32},
number = {21},
pages = {e4946},
keywords = {authentication, Internet of Things (IoT), protocols, RFID, security, WSN},
doi = {https://doi.org/10.1002/cpe.4946},
url = {https://onlinelibrary.wiley.com/doi/abs/10.1002/cpe.4946},
eprint = {https://onlinelibrary.wiley.com/doi/pdf/10.1002/cpe.4946},
note = {{e4946 CPE-18-0159.R1}{\href{https://doi.org/10.1002/cpe.4946}{[Ref]}}},
year = {2020}
}

@ARTICLE{ModernComputingParadigms,
  author={De Donno, Michele and Tange, Koen and Dragoni, Nicola},
  journal={IEEE Access}, 
  title={Foundations and Evolution of Modern Computing Paradigms: Cloud, IoT, Edge, and Fog}, 
  year={2019},
  volume={7},
  number={},
  pages={150936-150948},
  doi={10.1109/ACCESS.2019.2947652},
  note={\href{https://doi.org/10.1109/ACCESS.2019.2947652}{[Ref]}}}


% Άρθρα σε διεθνή επιστημονικά συνέδρια
@INPROCEEDINGS{7300835,
  author={Formisano, Ciro and Pavia, Daniele and Gurgen, Levent and Yonezawa, Takuro and Galache, Josè Antonio and Doguchi, Keiko and Matranga, Isabel},
  booktitle={2015 3rd International Conference on Future Internet of Things and Cloud}, 
  title={The Advantages of IoT and Cloud Applied to Smart Cities}, 
  year={2015},
  volume={},
  number={},
  pages={325-332},
  doi={10.1109/FiCloud.2015.85},
  note={\href{https://doi.org/10.1109/FiCloud.2015.85}{[Ref]}}}

@INPROCEEDINGS{9803487,
  author={Fetahu, Lorik and Maraj, Arianit and Havolli, Abdullah},
  booktitle={2022 45th Jubilee International Convention on Information, Communication and Electronic Technology (MIPRO)}, 
  title={Internet of Things (IoT) benefits, future perspective, and implementation challenges}, 
  year={2022},
  volume={},
  number={},
  pages={399-404},
  doi={10.23919/MIPRO55190.2022.9803487},
  note={\href{https://doi.org/10.23919/MIPRO55190.2022.9803487}{[Ref]}}
}
@INPROCEEDINGS{7562698,
  author={Sutar, Shiv. H. and Koul, Rohan and Suryavanshi, Rajani},
  booktitle={2016 International Conference on Internet of Things and Applications (IOTA)}, 
  title={Integration of Smart Phone and IOT for development of smart public transportation system}, 
  year={2016},
  volume={},
  number={},
  pages={73-78},
  doi={10.1109/IOTA.2016.7562698},
  note={\href{https://doi.org/10.1109/IOTA.2016.7562698}{[Ref]}}
}

% Βιβλία Ξενόγλωσσα
@Inbook{ImpactofIoT-BasedSmartCities,
author="Latif, Ghazanfar
and Alghazo, Jaafar M.
and Maheswar, R.
and Jayarajan, P.
and Sampathkumar, A.",
title="Impact of IoT-Based Smart Cities on Human Daily Life",
bookTitle="Integration of WSN and IoT for Smart Cities",
year="2020",
publisher="Springer International Publishing",
address="Cham",
pages="103--114",
isbn="978-3-030-38516-3",
doi="10.1007/978-3-030-38516-3_6",
url="https://doi.org/10.1007/978-3-030-38516-3_6",
  note={\href{https://doi.org/10.1007/978-3-030-38516-3_6}{[Ref]}}
}

@book{harper2017environment,
  title={Environment and society: Human perspectives on environmental issues},
  author={Harper, Charles and Snowden, Monica},
  year={2017},
  publisher={Routledge}
}

% Ιστοσελίδες

@misc{React,
    key = {React Js},
    title = {React Js},
    howpublished = {\href{https://react.dev/}{[Ref]}},
    note =         {Ημερομηνία πρόσβασης: 13-01-2024}
}

@misc{Openstreetmap,
    key = {Open street map},
    title = {Open street map},
    howpublished = {\href{https://www.openstreetmap.org/about}{[Ref]}},
    note =         {Ημερομηνία πρόσβασης: 13-01-2024}
}

@misc{AKHQ,
    key = {AKHQ Control Panel},
    title = {AKHQ Control Panel},
    howpublished = {\href{https://akhq.io/}{[Ref]}},
    note =         {Ημερομηνία πρόσβασης: 13-01-2024}
}

@misc{KafkaConnect,
    key = {Kafka Connect},
    title = {Kafka Connect},
    howpublished = {\href{https://docs.confluent.io/platform/current/connect/}{[Ref]}},
    note =         {Ημερομηνία πρόσβασης: 10-01-2024}
}

@misc{SchemaRegistry,
    key = {Schema Registry},
    title = {Schema Registry},
    howpublished = {\href{https://docs.confluent.io/platform/current/schema-registry/}{[Ref]}},
    note =         {Ημερομηνία πρόσβασης: 10-01-2024}
}

@misc{MQTT,
    key = {MQTT introduction},
    title = {MQTT introduction},
    howpublished = {\href{https://mqtt.org/}{[Ref]}},
    note =         {Ημερομηνία πρόσβασης: 09-01-2024}
}

@misc{RabbitMQ,
    key = {RabbitMQ introduction},
    title = {RabbitMQ introduction},
    howpublished = {\href{https://www.confluent.io/learn/rabbitmq/}{[Ref]}},
    note =         {Ημερομηνία πρόσβασης: 09-01-2024}
}

@misc{KraftRecommendation,
    key = {Kraft recommendation},
    title = {Kraft recommendation},
    howpublished = {\href{https://docs.confluent.io/platform/current/kafka-metadata/overview.html#metadata-management-in-ak}{[Ref]}},
    note =         {Ημερομηνία πρόσβασης: 09-01-2024}
}

@misc{zookeeper,
    key = {Apache zookeeper},
    title = {Apache zookeeper},
    howpublished = {\href{https://zookeeper.apache.org/}{[Ref]}},
    note =         {Ημερομηνία πρόσβασης: 09-01-2024}
}

@misc{Kraft,
    key = {Apache kafka Kraft},
    title = {Apache kafka Kraft},
    howpublished = {\href{https://docs.confluent.io/platform/current/kafka-metadata/kraft.html#kraft-overview}{[Ref]}},
    note =         {Ημερομηνία πρόσβασης: 09-01-2024}
}
@misc{MultiClusterImplementation,
    key = {Multi cluster implementation },
    title = {Multi cluster implementation},
    howpublished = {\href{https://docs.confluent.io/platform/current/tutorials/examples/multiregion/docs/multiregion.html#overview}{[Ref]}},
    note =         {Ημερομηνία πρόσβασης: 10-01-2024}
}

@misc{WhatIsApacheKafka,
    key = {Apache kafka and its origin},
    title = {Apache kafka and its origin},
    howpublished = {\href{https://www.confluent.io/what-is-apache-kafka/}{[Ref]}},
    note =         {Ημερομηνία πρόσβασης: 09-01-2024}
}

@misc{AmazonKinesis,
    key = {Amazon Kinesis},
    title = {Amazon Kinesis},
    howpublished = {\href{https://aws.amazon.com/kinesis/}{[Ref]}},
    note =         {Ημερομηνία πρόσβασης: 09-01-2024}
}
@misc{AzureEventHubs,
    key = {Azure Event Hubs},
    title = {Azure Event Hubs},
    howpublished = {\href{https://learn.microsoft.com/en-us/azure/event-hubs/event-hubs-about/}{[Ref]}},
    note =         {Ημερομηνία πρόσβασης: 09-01-2024}
}
@misc{GooglePub/Sub,
    key = {Google Pub/Sub},
    title = {Google Pub/Sub},
    howpublished = {\href{https://cloud.google.com/pubsub/docs/overview/}{[Ref]}},
    note =         {Ημερομηνία πρόσβασης: 09-01-2024}
}

@misc{KafkaApachePoweredBy,
    key = {Apache Kafka contributors},
    title = {Apache Kafka contributors},
    howpublished = {\href{https://kafka.apache.org/powered-by}{[Ref]}},
    note =         {Ημερομηνία πρόσβασης: 09-01-2024}
}

@misc{Avro,
    key = {Avro},
    title = {Avro},
    howpublished = {\href{https://avro.apache.org/docs/#introduction}{[Ref]}},
    note =         {Ημερομηνία πρόσβασης: 10-01-2024}
}

@misc{EventStreamingPlatform,
    key = {Event Streaming Platform},
    title = {Event Streaming Platform},
    howpublished = {\href{https://developer.confluent.io/patterns/event-stream/event-streaming-platform/}{[Ref]}},
    note =         {Ημερομηνία πρόσβασης: 09-01-2024}
}

@misc{IntelOpensource,
    key = {Open.intel},
    title = {Open.intel},
    howpublished = {\href{https://www.intel.com/content/www/us/en/developer/topic-technology/open/overview.html/}{[Ref]}},
    note =         {Ημερομηνία πρόσβασης: 09-01-2024}
}

@misc{OpenSourceContributorIndex,
    key = {Open Source Contributor Index},
    title = {Open Source Contributor Index},
    howpublished = {\href{https://opensourceindex.io/}{[Ref]}},
    note =         {Ημερομηνία πρόσβασης: 09-01-2024}
}

@misc{BenefitsofOpen-SourceSoftwareforDevelopers,
    key = {Benefits of Open-Source Software for Developers, Managers and Business},
    title = {Benefits of Open-Source Software for Developers, Managers and Business},
    howpublished = {\href{https://stratoflow.com/benefits-of-open-source-software/}{[Ref]}},
    note =         {Ημερομηνία πρόσβασης: 09-01-2024}
}

@misc{GreenyourAir,
    key = {GreenyourAir},
    title = {GreenyourAir},
    howpublished = {\href{http://www.greenyourair.org/info}{[Ref]}},
    note =         {Ημερομηνία πρόσβασης: 08-01-2024}
}

@misc{AirPollutionControl,
    key = {Air Pollution Control},
    title = {Air Pollution Control},
    howpublished = {\href{https://www.trade.gov/country-commercial-guides/south-korea-air-pollution-control}{[Ref]}},
    note =         {Ημερομηνία πρόσβασης: 05-01-2024}
}

@misc{IQAir,
    key = {IQ Air},
    title = {IQ Air},
    howpublished = {\href{https://www.iqair.com/south-korea}{[Ref]}},
    note =         {Ημερομηνία πρόσβασης: 05-01-2024}
}

@misc{EuropeanEnvironmentAgency,
    key = {Industrial pollutant releases to air in Europe},
    title = {Industrial pollutant releases to air in Europe},
    note =         {Ημερομηνία πρόσβασης: 06-01-2024},
    howpublished = {\href{https://www.eea.europa.eu/en/analysis/indicators/industrial-pollutant-releases-to-air}{[Ref]}}
}

@misc{EuropeEnvironment,
    key = {European Environment Agency},
    title = {European Environment Agency Footprint},
    note =         {Ημερομηνία πρόσβασης: 06-01-2024},
    howpublished = {\href{https://www.eea.europa.eu/en/topics/in-depth/production-and-consumption?activeTab=07e50b68-8bf2-4641-ba6b-eda1afd544be}{[Ref]}}
}

@misc{Docker,
  key =          {Docker},
  title =        {Docker},
  note =         {Ημερομηνία πρόσβασης: 04-01-2024},
  howpublished = {\href{https://docs.docker.com/get-started/overview/}{[Ref]}},
}

@misc{DockerNetwork,
  key =          {Docker Network},
  title =        {Docker Network},
  note =         {Ημερομηνία πρόσβασης: 04-01-2024},
  howpublished = {\href{https://docs.docker.com/network/}{[Ref]}}
}

@misc{DockerCompose,
  key =          {Docker Compose},
  title =        {Docker Compose},
  note =         {Ημερομηνία πρόσβασης: 04-01-2024},
  howpublished = {\href{https://docs.docker.com/compose/features-uses/}{[Ref]}}
}

% Κεφάλαιο σε συλλογικό τόμο.
@incollection{[PS11],
  title={Subsuming multiple sliding windows for shared stream computation},
  author={Patroumpas, K. and Sellis, T.},
  booktitle={Advances in Databases and Information Systems},
  pages={56--69},
  year={2011},
  editor={Eder, Johann and Bielikova, Maria and Tjoa, A Min},
  series={Lecture Notes in Computer Science},
  volume={6909},
  publisher={Springer},
  note={doi:10.1007/978-3-642-23737-9\_5}
}


% Βιβλία Ελληνικά
@book{greekbook,
    author    = "Ι. Κάβουρας",
    title     = "Συστήματα Υπολογιστών",
    year      = "1991",
    publisher = "Κλειδάριθμος",
    address   = "Αθήνα",
    edition   = "3"
}
% Πτυχιακές Εργασίες
% ptychionthesis
@misc{elli05,
  author =       "Ε. Ανδρουλάκη",
  title =        "Υλοποίηση Ενεργού Μηχανισμού σε Σύστημα Ομότιμων Βάσεων",
  howpublished =  "Πτυχιακή εργασία, KDBS Lab, Εθνικό Μετσόβιο Πολυτεχνείο",
  year =         "2005",
  month =        "Ιουλ."
}

% Διπλωματικές Εργασίες
%   diplomathesis
@misc{zoi04,
  author =       "Ζ. Καούδη",
  title =        "Πρότυπο Σύστημα Αποθήκευσης και Διαχείρισης Σχημάτων RDFS",
  howpublished =  "Διπλωματική εργασία, Εθνικό Μετσόβιο Πολυτεχνείο",
  year =         "2004",
  month =        "Ιουλ."
}


% Μεταπτυχιακές Διπλωματικές Εργασίες
@mastersthesis{master04,
  author =       "Ζ. Λάσκαρη",
  title =        "Κοινωνική Ανάλυση των Ταινιών της Finos Films",
  school =       "Εθνικό Μετσόβιο Πολυτεχνείο",
  year =         "2012",
  month =        "Aug."
}

% Διδακτορικές Διατριβές
@phdthesis{phd045,
  author =       "Ζ. Κουρούκλη",
  title =        "Κατανεμημένα Συστήματα",
  school =       "ΤΕΙ Πελοποννήσου",
  year =         "2013",
  month =        "Dec."
}

% Τεχνικές Αναφορές
@techreport{MSU-CSE-05-29,
  author =        {J. Gao, H. Cheng and P.-N. Tan},
  title =         {A Framework for Incorporating Labeled Examples into Anomaly Detection},
  number =        {MSU-CSE-05-29},
  institution =   {Department of Computer Science, Michigan State University},
  address=        {East Lansing, Michigan},
  year  =         {2005}
}

% Διπλώματα Ευρεσιτεχνίας (πατέντες)
% patent
@misc{viswanathan2014convenient,
  author=         {Viswanathan, P. and Winner, G. and Vyas, P.},
  title=          {Convenient Provisioning of Embedded Devices with WiFi Capability},
  howpublished =  {US Patent 8,665,744},
  year  =         {2014}
}

@article{[MR99],
  title={Why Are Organisms Different From Machines},
  author={Mikulecky, D.C. and Rosen, R.},
  journal={Intelligent Engineering Systems Through Artificial Neural Networks},
  volume={9},
  pages={193--198},
  year={1999}
}

@article{[R85],
  title={Anticipatory Systems: Philosophical},
  author={Rosen, R.},
  journal={Mathematical and methodological foundations},
  year={1985},
  publisher={Pergamon Press}
}

@article{[G95],
  title={A comparison of traditional forecasting techniques and neural networks},
  author={Gentry, T.W. and Wiliamowski, B.M. and Weatherford, L.R.},
  journal={Intelligent engineering systems through artificial neural networks},
  volume={5},
  pages={765--770},
  year={1995}
}

@article{[P91],
  title={Electric load forecasting using an artificial neural network},
  author={Park, D.C. and El-Sharkawi, M.A. and Marks, R.J. and Atlas, L.E. and Damborg, M.J.},
  journal={IEEE transactions on Power Systems},
  volume={6},
  number={2},
  pages={442--449},
  year={1991},
  publisher={IEEE}
}